<record><leader>00000cas a22000007a 4500</leader><controlfield tag="001">25003733</controlfield><controlfield tag="008">911220d19071912ncudn ne      0    0eng d</controlfield><datafield ind1=" " ind2=" " tag="010"><subfield code="a">sn 91068536 </subfield></datafield><datafield ind1=" " ind2=" " tag="040"><subfield code="a">NVJ</subfield><subfield code="b">eng</subfield><subfield code="c">NVJ</subfield><subfield code="d">OCLCQ</subfield></datafield><datafield ind1=" " ind2=" " tag="042"><subfield code="a">msc</subfield></datafield><datafield ind1="0" ind2=" " tag="130"><subfield code="a">Sun (New Bern, N.C.)</subfield></datafield><datafield ind1="1" ind2="4" tag="245"><subfield code="a">The sun.</subfield></datafield><datafield ind1=" " ind2=" " tag="260"><subfield code="a">New Bern, N.C. :</subfield><subfield code="b">New Bern Pub. Co.</subfield></datafield><datafield ind1=" " ind2=" " tag="300"><subfield code="a">v.</subfield></datafield><datafield ind1=" " ind2=" " tag="310"><subfield code="a">Daily (except Sunday),</subfield><subfield code="b">&lt;July 1, 1908&gt;-&lt;Mar. 30, 1912&gt;</subfield></datafield><datafield ind1=" " ind2=" " tag="321"><subfield code="a">Daily (except Monday),</subfield><subfield code="b">June 30, 1907-&lt;Sept. 29, 1907&gt;</subfield></datafield><datafield ind1="0" ind2=" " tag="362"><subfield code="a">Vol. 1, no. 1 (June 30, 1907)-</subfield></datafield><datafield ind1="1" ind2=" " tag="362"><subfield code="a">Ceased in 1912.</subfield></datafield><datafield ind1=" " ind2=" " tag="500"><subfield code="a">"Only Democratic newspaper published in Craven County."</subfield></datafield><datafield ind1=" " ind2=" " tag="580"><subfield code="a">Weekly ed.: Weekly sun (New Bern, N.C.), &lt;1910&gt;-1911.</subfield></datafield><datafield ind1=" " ind2=" " tag="580"><subfield code="a">Semiweekly ed.: Semi-weekly sun (New Bern, N.C.), &lt;1911-1912&gt;.</subfield></datafield><datafield ind1=" " ind2=" " tag="752"><subfield code="a">United States</subfield><subfield code="b">North Carolina</subfield><subfield code="c">Craven</subfield><subfield code="d">New Bern.</subfield></datafield><datafield ind1="1" ind2=" " tag="775"><subfield code="t">Weekly sun (New Bern, N.C.)</subfield><subfield code="w">(DLC)sn 96086035</subfield></datafield><datafield ind1="1" ind2=" " tag="775"><subfield code="t">Semi-weekly sun (New Bern, N.C.)</subfield><subfield code="w">(DLC)sn 92073192</subfield></datafield><datafield ind1="0" ind2="0" tag="785"><subfield code="t">New Bern sun</subfield><subfield code="w">(DLC)sn 91068537</subfield></datafield><datafield ind1="1" ind2=" " tag="029"><subfield code="a">AU@</subfield><subfield code="b">000013028338</subfield></datafield></record>